@Article{lena2002,
  author  = {Lena, T Suvendrini and Ochieng, Victor and Carter, Majora and Holgu{\'\i}n-Veras, Jos{\'e} and Kinney, Patrick L},
  journal = {Environmental Health Perspectives},
  title   = {Elemental carbon and PM (2.5) levels in an urban community heavily impacted by truck traffic.},
  year    = {2002},
  number  = {10},
  pages   = {1009--1015},
  volume  = {110},
  comment = {Truck Traffic -> PM},
}

@Article{kinney2000,
  author  = {Kinney, Patrick L and Aggarwal, Maneesha and Northridge, Mary E and Janssen, Nicole A and Shepard, Peggy},
  journal = {Environmental Health Perspectives},
  title   = {Airborne concentrations of PM (2.5) and diesel exhaust particles on Harlem sidewalks: a community-based pilot study.},
  year    = {2000},
  number  = {3},
  pages   = {213--218},
  volume  = {108},
  comment = {Diesel -> Air Pollution},
}

@Article{thorpe2008,
  author    = {Thorpe, Alistair and Harrison, Roy M},
  journal   = {Science of the Total Environment},
  title     = {Sources and properties of non-exhaust particulate matter from road traffic: a review},
  year      = {2008},
  number    = {1-3},
  pages     = {270--282},
  volume    = {400},
  comment   = {General traffic},
  publisher = {Elsevier},
}

@Article{bauernschuster2017,
  author    = {Bauernschuster, Stefan and Hener, Timo and Rainer, Helmut},
  journal   = {American Economic Journal: Economic Policy},
  title     = {When labor disputes bring cities to a standstill: The impact of public transit strikes on traffic, accidents, air pollution, and health},
  year      = {2017},
  number    = {1},
  pages     = {1--37},
  volume    = {9},
  comment   = {Timo's paper with a section on the traffic part},
  publisher = {American Economic Association 2014 Broadway, Suite 305, Nashville, TN 37203-2425},
}

@Article{costa2017,
  author    = {Costa, Lucio G and Cole, Toby B and Coburn, Jacki and Chang, Yu-Chi and Dao, Khoi and Roqu{\'e}, Pamela J},
  journal   = {Neurotoxicology},
  title     = {Neurotoxicity of traffic-related air pollution},
  year      = {2017},
  pages     = {133--139},
  volume    = {59},
  comment   = {Traffic},
  publisher = {Elsevier},
}

@Article{zhong2017,
  author    = {Zhong, Nan and Cao, Jing and Wang, Yuzhu},
  journal   = {Journal of the Association of Environmental and Resource Economists},
  title     = {Traffic congestion, ambient air pollution, and health: Evidence from driving restrictions in Beijing},
  year      = {2017},
  number    = {3},
  pages     = {821--856},
  volume    = {4},
  comment   = {Traffic},
  publisher = {University of Chicago Press Chicago, IL},
}

@Article{schlenker2016,
  author    = {Schlenker, Wolfram and Walker, W Reed},
  journal   = {The Review of Economic Studies},
  title     = {Airports, air pollution, and contemporaneous health},
  year      = {2016},
  number    = {2},
  pages     = {768--809},
  volume    = {83},
  comment   = {Airports also driving force},
  publisher = {Oxford University Press},
}

@Article{heintz2022,
  author    = {Heintz, Elizabeth C and Scott, Derek P and Simms, Kolby R and Foreman, Jeremy J},
  journal   = {International Journal of Environmental Research and Public Health},
  title     = {Air Quality Is Predictive of Mistakes in Professional Baseball and American Football},
  year      = {2022},
  number    = {1},
  pages     = {542},
  volume    = {20},
  comment   = {Medicine Paper -> with similar setup but huge difference in ID strategy},
  publisher = {MDPI},
}

@Article{kampa2008,
  author    = {Kampa, Marilena and Castanas, Elias},
  journal   = {Environmental Pollution},
  title     = {Human health effects of air pollution},
  year      = {2008},
  number    = {2},
  pages     = {362--367},
  volume    = {151},
  comment   = {Health effects of pollution},
  publisher = {Elsevier},
}

@Article{chen2021,
  author    = {Chen, Fanglin and Chen, Zhongfei},
  journal   = {Science of the Total Environment},
  title     = {Cost of economic growth: Air pollution and health expenditure},
  year      = {2021},
  pages     = {142543},
  volume    = {755},
  comment   = {Health effects},
  publisher = {Elsevier},
}

@Article{pedersen2004,
  author  = {Pedersen, Carsten B{\o}cker and Raaschou-Nielsen, Ole and Hertel, Ole and Mortensen, Preben Bo},
  journal = {Schizophrenia Research},
  title   = {Air pollution from traffic and schizophrenia risk},
  year    = {2004},
  number  = {1},
  pages   = {83--85},
  volume  = {66},
  comment = {Mental Disorders Denmark},
}

@Article{szyszkowicz2007,
  author  = {Szyszkowicz, Mieczys{\l}aw},
  journal = {International Journal of Occupational Medicine \& Environmental Health},
  title   = {Air pollution and emergency department visits for depression in Edmonton, Canada.},
  year    = {2007},
  number  = {3},
  volume  = {20},
  comment = {Mental Health Canada},
}

@Article{zhang2017,
  author    = {Zhang, Xin and Zhang, Xiaobo and Chen, Xi},
  journal   = {Journal of Environmental Economics and Management},
  title     = {Happiness in the air: How does a dirty sky affect mental health and subjective well-being?},
  year      = {2017},
  pages     = {81--94},
  volume    = {85},
  comment   = {Happiness/Mental Health China},
  publisher = {Elsevier},
}

@Article{mackerron2009,
  author    = {MacKerron, George and Mourato, Susana},
  journal   = {Ecological Economics},
  title     = {Life satisfaction and air quality in London},
  year      = {2009},
  number    = {5},
  pages     = {1441--1453},
  volume    = {68},
  comment   = {Life statisfaction},
  publisher = {Elsevier},
}

@Article{rehdanz2008,
  author    = {Rehdanz, Katrin and Maddison, David},
  journal   = {Ecological Economics},
  title     = {Local environmental quality and life-satisfaction in Germany},
  year      = {2008},
  number    = {4},
  pages     = {787--797},
  volume    = {64},
  comment   = {Life Satisfaction; Perceived Pollution},
  publisher = {Elsevier},
}

@Article{beatty2014,
  author    = {Beatty, Timothy KM and Shimshack, Jay P},
  journal   = {Journal of Environmental Economics and Management},
  title     = {Air pollution and children's respiratory health: A cohort analysis},
  year      = {2014},
  number    = {1},
  pages     = {39--57},
  volume    = {67},
  comment   = {Children},
  publisher = {Elsevier},
}

@Article{peled2011,
  author    = {Peled, Ronit},
  journal   = {Atmospheric Environment},
  title     = {Air pollution exposure: Who is at high risk?},
  year      = {2011},
  number    = {10},
  pages     = {1781--1785},
  volume    = {45},
  comment   = {U.A. Old People},
  publisher = {Elsevier},
}

@Article{beelen2014,
  author    = {Beelen, Rob and Raaschou-Nielsen, Ole and Stafoggia, Massimo and Andersen, Zorana Jovanovic and Weinmayr, Gudrun and Hoffmann, Barbara and Wolf, Kathrin and Samoli, Evangelia and Fischer, Paul and Nieuwenhuijsen, Mark and others},
  journal   = {The Lancet},
  title     = {Effects of long-term exposure to air pollution on natural-cause mortality: an analysis of 22 European cohorts within the multicentre ESCAPE project},
  year      = {2014},
  number    = {9919},
  pages     = {785--795},
  volume    = {383},
  comment   = {Long Term; Underestmiation of Levels},
  publisher = {Elsevier},
}

@Article{chay2003,
  author    = {Chay, Kenneth Y and Greenstone, Michael},
  journal   = {The Quarterly Journal of Economics},
  title     = {The impact of air pollution on infant mortality: evidence from geographic variation in pollution shocks induced by a recession},
  year      = {2003},
  number    = {3},
  pages     = {1121--1167},
  volume    = {118},
  comment   = {Infant Mortality},
  publisher = {MIT Press},
}

@Article{hansen2000,
  author    = {Hansen, Anett C and Selte, Harald K},
  journal   = {Environmental and Resource Economics},
  title     = {Air pollution and sick-leaves},
  year      = {2000},
  pages     = {31--50},
  volume    = {16},
  comment   = {Labor Force affected due to sicknes; Norway},
  publisher = {Springer},
}

@Article{jans2018,
  author    = {Jans, Jenny and Johansson, Per and Nilsson, J Peter},
  journal   = {Journal of Health Economics},
  title     = {Economic status, air quality, and child health: Evidence from inversion episodes},
  year      = {2018},
  pages     = {220--232},
  volume    = {61},
  comment   = {Being absent from work; Sweden},
  publisher = {Elsevier},
}

@Article{schikowski2015,
  author    = {Schikowski, Tamara and Vossoughi, Mohammad and Vierk{\"o}tter, Andrea and Schulte, Thomas and Teichert, Tom and Sugiri, Dorothee and Fehsel, Karin and Tzivian, Lilian and Bae, Il-seok and Ranft, Ulrich and others},
  journal   = {Environmental Research},
  title     = {Association of air pollution with cognitive functions and its modification by APOE gene variants in elderly women},
  year      = {2015},
  pages     = {10--16},
  volume    = {142},
  comment   = {Cognitive},
  publisher = {Elsevier},
}

@Article{tonne2014,
  author    = {Tonne, Cathryn and Elbaz, Alexis and Beevers, Sean and Singh-Manoux, Archana},
  journal   = {Epidemiology (Cambridge, Mass.)},
  title     = {Traffic-related air pollution in relation to cognitive function in older adults},
  year      = {2014},
  number    = {5},
  pages     = {674},
  volume    = {25},
  comment   = {Cognitive},
  publisher = {Wolters Kluwer Health},
}

@Article{ranft2009,
  author    = {Ranft, Ulrich and Schikowski, Tamara and Sugiri, Dorothee and Krutmann, Jean and Kr{\"a}mer, Ursula},
  journal   = {Environmental Research},
  title     = {Long-term exposure to traffic-related particulate matter impairs cognitive function in the elderly},
  year      = {2009},
  number    = {8},
  pages     = {1004--1011},
  volume    = {109},
  comment   = {Cognitive},
  publisher = {Elsevier},
}

@Article{archsmith2018,
  author    = {Archsmith, James and Heyes, Anthony and Saberian, Soodeh},
  journal   = {Journal of the Association of Environmental and Resource Economists},
  title     = {Air quality and error quantity: Pollution and performance in a high-skilled, quality-focused occupation},
  year      = {2018},
  number    = {4},
  pages     = {827--863},
  volume    = {5},
  comment   = {Decision Making; Error Rate},
  publisher = {University of Chicago Press Chicago, IL},
}

@Article{zivin2012,
  author    = {Zivin, Joshua Graff and Neidell, Matthew},
  journal   = {American Economic Review},
  title     = {The impact of pollution on worker productivity},
  year      = {2012},
  number    = {7},
  pages     = {3652--3673},
  volume    = {102},
  comment   = {Productivity},
  publisher = {American Economic Association},
}

@Article{EPA,
  author = {EPA},
  title  = {Air Quality Data},
  year   = {2023},
  note   = {\url{https://www.epa.gov/outdoor-air-quality-data}. Accessed: October 2023},
}

@Article{Stathead,
  author = {Stathead},
  title  = {Football Data},
  year   = {2023},
  note   = {\url{www.stathead.com}. Accessed: October 2023},
}

@Comment{jabref-meta: databaseType:bibtex;}
